@book{pm,
    author = "James Cadle and Donald Yeates",
    title = "Project Management for Information Systems",
    publisher = "Pearson Education Limited",
    edition = "5th",
    year = "2008"
}

@book{ac, 
	author		= "Alistair Cockburn",
	title		= "Agile Software Development",
	publisher   = "Addison-Wesley",
	edition		= "Draft 3B",
	year		= "2000"
}

@online{scrumPic,
	title = "Development Methodology",
	date = "May 3rd 2013",
	url = "http://softlinksolutions.com/development\_methodology.aspx"
}
@online{CISQ,
	title = "www.it-cisq.com",
	date = "April 30th 2013",
	url = "http://www.it-cisq.com"
	}
